@article{penrose,
	author = {Penrose,R.},
	title = {On best approximate solutions of linear matrix equations.},
	journal = {Mathematical Proceedings of the Cambridge Philosophical Society},
	volume = {52},
	issue = {01},
	month = {1},
	year = {1956},
	issn = {1469-8064},
	pages = {17--19},
	numpages = {3},
	doi = {10.1017/S0305004100030929},
	URL = {http://journals.cambridge.org/article\_S0305004100030929}
}

@article{bradley,
	Author = {Bradley, Derek and Roth, Gerhard},
	Journal = {Journal of graphics, gpu, and game tools},
	Number = {2},
	Pages = {13--21},
	Publisher = {AK Peters},
	Title = {Adaptive thresholding using the integral image},
	Volume = {12},
	Year = {2007}
}

@inproceedings{lewisfast,
  title={Fast normalized cross-correlation},
  author={Lewis, JP},
  booktitle={Vision interface},
  volume={10},
  pages={120--123},
  year={1995}
}

@misc{imwarp,
	title = {MathWorks, Documentation of Matlab function imwarp.},
	howpublished = {\url{http://se.mathworks.com/help/images/ref/imwarp.html}},
	note = {Accessed: 2014-12-10}
}

@misc{fitgeotrans,
	title = {MathWorks, Documentation of Matlab function fitgeotrans.},
	howpublished = {\url{http://se.mathworks.com/help/images/ref/fitgeotrans.html}},
	note = {Accessed: 2014-12-10}
}

@misc{normxcorr,
	title = {MathWorks, Documentation of Matlab function normxcorr2.},
	howpublished = {\url{http://se.mathworks.com/help/images/ref/normxcorr2.html}},
	note = {Accessed: 2014-12-10}
}

@misc{mldivide,
	title = {MathWorks, Documentation of Matlab function mldivide.},
	howpublished = {\url{http://se.mathworks.com/help/matlab/ref/mldivide.html}},
	note = {Accessed: 2014-12-10}
}

@misc{projective,
	title = {Introduction to Algebraic Geometry ch.7},
	author = {Franz Lemmermeyer},
	year = {2005},
	howpublished = {\url{http://www.fen.bilkent.edu.tr/~franz/ag05/ag-07.pdf}},
	note = {Accessed 2014-12-10}
}

@inproceedings{belussi,
  title={Fast QR code detection in arbitrarily acquired images},
  author={Belussi, Luiz FF and Hirata, Nina ST},
  booktitle={Graphics, Patterns and Images (Sibgrapi), 2011 24th SIBGRAPI Conference on},
  pages={281--288},
  year={2011},
  organization={IEEE}
}
